
@book{boyd2004convex,
  title={Convex optimization},
  author={Boyd, Stephen and Vandenberghe, Lieven},
  year={2004},
  publisher={Cambridge university press}
}


@article{su2016identifying,
  title={Identifying latent structures in panel data},
  author={Su, Liangjun and Shi, Zhentao and Phillips, Peter CB},
  journal={Econometrica},
  volume={84},
  number={6},
  pages={2215--2264},
  year={2016},
  publisher={Wiley Online Library}
}


@article{shi2016econometric,
  title={Econometric estimation with high-dimensional moment equalities},
  author={Shi, Zhentao},
  journal={Journal of Econometrics},
  volume={195},
  number={1},
  pages={104--119},
  year={2016},
  publisher={Elsevier}
}


@article{nash2014best,
  title={On best practice optimization methods in R},
  author={Nash, John C},
  journal={Journal of Statistical Software},
  volume={60},
  number={2},
  pages={1--14},
  year={2014}
}



@article{chernozhukov2003mcmc,
  title={An MCMC approach to classical estimation},
  author={Chernozhukov, Victor and Hong, Han},
  journal={Journal of Econometrics},
  volume={115},
  number={2},
  pages={293--346},
  year={2003},
  publisher={Elsevier}
}

@book{judd1998numerical,
  title={Numerical methods in economics},
  author={Judd, Kenneth L},
  year={1998},
  publisher={MIT press}
}


@article{pakes1989simulation,
  title={Simulation and the asymptotics of optimization estimators},
  author={Pakes, Ariel and Pollard, David},
  journal={Econometrica: Journal of the Econometric Society},
  pages={1027--1057},
  year={1989},
  publisher={JSTOR}
}

@article{roy1951some,
  title={Some thoughts on the distribution of earnings},
  author={Roy, Andrew Donald},
  journal={Oxford economic papers},
  volume={3},
  number={2},
  pages={135--146},
  year={1951}
}

@article{arcidiacono2003finite,
  title={Finite mixture distributions, sequential likelihood and the EM algorithm},
  author={Arcidiacono, Peter and Jones, John Bailey},
  journal={Econometrica},
  volume={71},
  number={3},
  pages={933--946},
  year={2003},
  publisher={Wiley Online Library}
}

@article{gourieroux1993indirect,
  title={Indirect inference},
  author={Gourieroux, Christian and Monfort, Alain and Renault, Eric},
  journal={Journal of applied econometrics},
  volume={8},
  number={S1},
  pages={S85--S118},
  year={1993},
  publisher={Wiley Online Library}
}
